<?xml version="1.0" encoding="UTF-8"?>
  <record xmlns="http://www.loc.gov/MARC21/slim" type="Authority">
    <leader>00000nz  a2200000nc 4500</leader>
    <controlfield tag="001">118647571</controlfield>
    <controlfield tag="003">DE-101</controlfield>
    <controlfield tag="005">20220530110154.0</controlfield>
    <controlfield tag="008">880701n||azznnaabn           | aaa    |c</controlfield>
    <datafield tag="024" ind1="7" ind2=" ">
      <subfield code="a">118647571</subfield>
      <subfield code="0">http://d-nb.info/gnd/118647571</subfield>
      <subfield code="2">gnd</subfield>
    </datafield>
    <datafield tag="035" ind1=" " ind2=" ">
      <subfield code="a">(DE-101)118647571</subfield>
    </datafield>
    <datafield tag="035" ind1=" " ind2=" ">
      <subfield code="a">(DE-588)118647571</subfield>
    </datafield>
    <datafield tag="035" ind1=" " ind2=" ">
      <subfield code="z">(DE-588)18774260X</subfield>
    </datafield>
    <datafield tag="035" ind1=" " ind2=" ">
      <subfield code="z">(DE-588a)18774260X</subfield>
      <subfield code="9">v:zg</subfield>
    </datafield>
    <datafield tag="035" ind1=" " ind2=" ">
      <subfield code="z">(DE-588)174678819</subfield>
    </datafield>
    <datafield tag="035" ind1=" " ind2=" ">
      <subfield code="z">(DE-588a)174678819</subfield>
      <subfield code="9">v:zg</subfield>
    </datafield>
    <datafield tag="035" ind1=" " ind2=" ">
      <subfield code="z">(DE-588a)118647571</subfield>
      <subfield code="9">v:zg</subfield>
    </datafield>
    <datafield tag="035" ind1=" " ind2=" ">
      <subfield code="z">(DE-588a)119603985</subfield>
    </datafield>
    <datafield tag="035" ind1=" " ind2=" ">
      <subfield code="z">(DE-588c)4084861-9</subfield>
      <subfield code="9">v:zg</subfield>
    </datafield>
    <datafield tag="040" ind1=" " ind2=" ">
      <subfield code="a">DE-101</subfield>
      <subfield code="c">DE-101</subfield>
      <subfield code="9">r:DE-101</subfield>
      <subfield code="b">ger</subfield>
      <subfield code="d">2214</subfield>
    </datafield>
    <datafield tag="042" ind1=" " ind2=" ">
      <subfield code="a">gnd1</subfield>
    </datafield>
    <datafield tag="043" ind1=" " ind2=" ">
      <subfield code="c">XA-DE</subfield>
    </datafield>
    <datafield tag="065" ind1=" " ind2=" ">
      <subfield code="a">16.5p</subfield>
      <subfield code="2">sswd</subfield>
    </datafield>
    <datafield tag="075" ind1=" " ind2=" ">
      <subfield code="b">p</subfield>
      <subfield code="2">gndgen</subfield>
    </datafield>
    <datafield tag="075" ind1=" " ind2=" ">
      <subfield code="b">pik</subfield>
      <subfield code="2">gndspec</subfield>
    </datafield>
    <datafield tag="079" ind1=" " ind2=" ">
      <subfield code="a">g</subfield>
      <subfield code="q">a</subfield>
      <subfield code="q">f</subfield>
      <subfield code="q">s</subfield>
      <subfield code="u">w</subfield>
      <subfield code="u">v</subfield>
      <subfield code="u">o</subfield>
    </datafield>
    <datafield tag="100" ind1="0" ind2=" ">
      <subfield code="a">Albrecht</subfield>
      <subfield code="b">V.</subfield>
      <subfield code="c">Bayern, Herzog</subfield>
      <subfield code="d">1528-1579</subfield>
    </datafield>
    <datafield tag="375" ind1=" " ind2=" ">
      <subfield code="a">1</subfield>
      <subfield code="2">iso5218</subfield>
    </datafield>
    <datafield tag="400" ind1="0" ind2=" ">
      <subfield code="a">Albrecht</subfield>
      <subfield code="c">der Großmütige</subfield>
      <subfield code="d">1528-1579</subfield>
    </datafield>
    <datafield tag="400" ind1="0" ind2=" ">
      <subfield code="a">Albert</subfield>
      <subfield code="c">der Großmütige</subfield>
      <subfield code="d">1528-1579</subfield>
    </datafield>
    <datafield tag="400" ind1="0" ind2=" ">
      <subfield code="a">Albert</subfield>
      <subfield code="b">V.</subfield>
      <subfield code="c">Bayern, Herzog</subfield>
      <subfield code="d">1528-1579</subfield>
    </datafield>
    <datafield tag="400" ind1="0" ind2=" ">
      <subfield code="a">Albert</subfield>
      <subfield code="c">Bayern, Herzog</subfield>
      <subfield code="d">1528-1579</subfield>
    </datafield>
    <datafield tag="400" ind1="0" ind2=" ">
      <subfield code="a">Albert</subfield>
      <subfield code="c">von Baiern</subfield>
      <subfield code="d">1528-1579</subfield>
    </datafield>
    <datafield tag="400" ind1="0" ind2=" ">
      <subfield code="a">Albrecht</subfield>
      <subfield code="c">der Grossmüthige</subfield>
      <subfield code="d">1528-1579</subfield>
    </datafield>
    <datafield tag="400" ind1="0" ind2=" ">
      <subfield code="a">Albrecht</subfield>
      <subfield code="c">Rhein, Pfalzgraf</subfield>
      <subfield code="d">1528-1579</subfield>
    </datafield>
    <datafield tag="400" ind1="0" ind2=" ">
      <subfield code="a">Albertus</subfield>
      <subfield code="b">V.</subfield>
      <subfield code="c">Bavaria, Dux</subfield>
      <subfield code="d">1528-1579</subfield>
    </datafield>
    <datafield tag="400" ind1="1" ind2=" ">
      <subfield code="a">Albrecht V., Herzog von Bayern</subfield>
      <subfield code="d">1528-1579</subfield>
      <subfield code="9">v:(VD-16)</subfield>
    </datafield>
    <datafield tag="400" ind1="0" ind2=" ">
      <subfield code="9">L:fre</subfield>
      <subfield code="a">Albert</subfield>
      <subfield code="b">V</subfield>
      <subfield code="c">Duc de Bavarie</subfield>
      <subfield code="d">1528-1579</subfield>
      <subfield code="5">CH-GND</subfield>
    </datafield>
    <datafield tag="400" ind1="0" ind2=" ">
      <subfield code="9">L:eng</subfield>
      <subfield code="a">Albert</subfield>
      <subfield code="b">V</subfield>
      <subfield code="c">Duke of Bavaria</subfield>
      <subfield code="d">1528-1579</subfield>
      <subfield code="5">CH-GND</subfield>
    </datafield>
    <datafield tag="400" ind1="0" ind2=" ">
      <subfield code="a">Albert</subfield>
      <subfield code="c">der Grossmütige, Herzog von Bayern</subfield>
      <subfield code="d">1528-1579</subfield>
    </datafield>
    <datafield tag="400" ind1="0" ind2=" ">
      <subfield code="a">Albert</subfield>
      <subfield code="c">der Grossmütige, Duc de Bavarie</subfield>
      <subfield code="d">1528-1579</subfield>
    </datafield>
    <datafield tag="400" ind1="0" ind2=" ">
      <subfield code="a">Albert</subfield>
      <subfield code="c">der Grossmütige, Duke of Bavaria</subfield>
      <subfield code="d">1528-1579</subfield>
    </datafield>
    <datafield tag="400" ind1="0" ind2=" ">
      <subfield code="a">Albrecht</subfield>
      <subfield code="b">V</subfield>
      <subfield code="c">Duc de Bavarie</subfield>
      <subfield code="d">1528-1579</subfield>
    </datafield>
    <datafield tag="400" ind1="0" ind2=" ">
      <subfield code="a">Albrecht</subfield>
      <subfield code="b">V</subfield>
      <subfield code="c">Herzog von Bayern</subfield>
      <subfield code="d">1528-1579</subfield>
    </datafield>
    <datafield tag="400" ind1="0" ind2=" ">
      <subfield code="a">Albrecht</subfield>
      <subfield code="b">V</subfield>
      <subfield code="c">Duke of Bavaria</subfield>
      <subfield code="d">1528-1579</subfield>
    </datafield>
    <datafield tag="400" ind1="0" ind2=" ">
      <subfield code="a">Albert</subfield>
      <subfield code="b">V</subfield>
      <subfield code="c">Herzog von Bayern</subfield>
      <subfield code="d">1528-1579</subfield>
    </datafield>
    <datafield tag="500" ind1="0" ind2=" ">
      <subfield code="0">(DE-101)118632868</subfield>
      <subfield code="0">(DE-588)118632868</subfield>
      <subfield code="0">https://d-nb.info/gnd/118632868</subfield>
      <subfield code="a">Wilhelm</subfield>
      <subfield code="b">IV.</subfield>
      <subfield code="c">Bayern, Herzog</subfield>
      <subfield code="d">1493-1550</subfield>
      <subfield code="4">bezf</subfield>
      <subfield code="4">https://d-nb.info/standards/elementset/gnd#familialRelationship</subfield>
      <subfield code="w">r</subfield>
      <subfield code="i">Beziehung familiaer</subfield>
      <subfield code="e">Beziehung familiaer</subfield>
      <subfield code="9">v:Vater</subfield>
    </datafield>
    <datafield tag="500" ind1="0" ind2=" ">
      <subfield code="0">(DE-101)121349217</subfield>
      <subfield code="0">(DE-588)121349217</subfield>
      <subfield code="0">https://d-nb.info/gnd/121349217</subfield>
      <subfield code="a">Jakobäa</subfield>
      <subfield code="c">Bayern, Herzogin</subfield>
      <subfield code="d">1507-1580</subfield>
      <subfield code="4">bezf</subfield>
      <subfield code="4">https://d-nb.info/standards/elementset/gnd#familialRelationship</subfield>
      <subfield code="w">r</subfield>
      <subfield code="i">Beziehung familiaer</subfield>
      <subfield code="e">Beziehung familiaer</subfield>
      <subfield code="9">v:Mutter</subfield>
    </datafield>
    <datafield tag="500" ind1="0" ind2=" ">
      <subfield code="0">(DE-101)132969548</subfield>
      <subfield code="0">(DE-588)132969548</subfield>
      <subfield code="0">https://d-nb.info/gnd/132969548</subfield>
      <subfield code="a">Anna</subfield>
      <subfield code="c">Bayern, Herzogin, 1528-1590</subfield>
      <subfield code="d">1528-1590</subfield>
      <subfield code="4">bezf</subfield>
      <subfield code="4">https://d-nb.info/standards/elementset/gnd#familialRelationship</subfield>
      <subfield code="w">r</subfield>
      <subfield code="i">Beziehung familiaer</subfield>
      <subfield code="e">Beziehung familiaer</subfield>
      <subfield code="9">v:Ehefrau ab 1546</subfield>
    </datafield>
    <datafield tag="500" ind1="0" ind2=" ">
      <subfield code="0">(DE-101)118771841</subfield>
      <subfield code="0">(DE-588)118771841</subfield>
      <subfield code="0">https://d-nb.info/gnd/118771841</subfield>
      <subfield code="a">Wilhelm</subfield>
      <subfield code="b">V.</subfield>
      <subfield code="c">Bayern, Herzog</subfield>
      <subfield code="d">1548-1626</subfield>
      <subfield code="4">bezf</subfield>
      <subfield code="4">https://d-nb.info/standards/elementset/gnd#familialRelationship</subfield>
      <subfield code="w">r</subfield>
      <subfield code="i">Beziehung familiaer</subfield>
      <subfield code="e">Beziehung familiaer</subfield>
      <subfield code="9">v:Sohn</subfield>
    </datafield>
    <datafield tag="500" ind1="0" ind2=" ">
      <subfield code="0">(DE-101)100586376</subfield>
      <subfield code="0">(DE-588)100586376</subfield>
      <subfield code="0">https://d-nb.info/gnd/100586376</subfield>
      <subfield code="a">Ferdinand</subfield>
      <subfield code="c">Bayern, Herzog</subfield>
      <subfield code="d">1550-1608</subfield>
      <subfield code="4">bezf</subfield>
      <subfield code="4">https://d-nb.info/standards/elementset/gnd#familialRelationship</subfield>
      <subfield code="w">r</subfield>
      <subfield code="i">Beziehung familiaer</subfield>
      <subfield code="e">Beziehung familiaer</subfield>
      <subfield code="9">v:Sohn</subfield>
    </datafield>
    <datafield tag="500" ind1="1" ind2=" ">
      <subfield code="a">Hosius, Stanisław</subfield>
      <subfield code="4">beza</subfield>
      <subfield code="4">https://d-nb.info/standards/elementset/gnd#acquaintanceshipOrFriendship</subfield>
      <subfield code="w">r</subfield>
      <subfield code="i">Bekanntschaft</subfield>
      <subfield code="e">Bekanntschaft</subfield>
      <subfield code="9">v:VD-16 Mitverf.</subfield>
    </datafield>
    <datafield tag="500" ind1="1" ind2=" ">
      <subfield code="0">(DE-101)119317230</subfield>
      <subfield code="0">(DE-588)119317230</subfield>
      <subfield code="0">https://d-nb.info/gnd/119317230</subfield>
      <subfield code="a">Lauther, Georg</subfield>
      <subfield code="d">ca. um 1540-1610</subfield>
      <subfield code="4">beza</subfield>
      <subfield code="4">https://d-nb.info/standards/elementset/gnd#acquaintanceshipOrFriendship</subfield>
      <subfield code="w">r</subfield>
      <subfield code="i">Bekanntschaft</subfield>
      <subfield code="e">Bekanntschaft</subfield>
      <subfield code="9">v:VD-16 Mitverf.</subfield>
    </datafield>
    <datafield tag="500" ind1="1" ind2=" ">
      <subfield code="a">Paiva de Andrada, Diogo</subfield>
      <subfield code="4">beza</subfield>
      <subfield code="4">https://d-nb.info/standards/elementset/gnd#acquaintanceshipOrFriendship</subfield>
      <subfield code="w">r</subfield>
      <subfield code="i">Bekanntschaft</subfield>
      <subfield code="e">Bekanntschaft</subfield>
      <subfield code="9">v:VD-16 Mitverf.</subfield>
    </datafield>
    <datafield tag="500" ind1="1" ind2=" ">
      <subfield code="0">(DE-101)119733226</subfield>
      <subfield code="0">(DE-588)119733226</subfield>
      <subfield code="0">https://d-nb.info/gnd/119733226</subfield>
      <subfield code="a">Kotkiewicz, Johannes</subfield>
      <subfield code="4">beza</subfield>
      <subfield code="4">https://d-nb.info/standards/elementset/gnd#acquaintanceshipOrFriendship</subfield>
      <subfield code="w">r</subfield>
      <subfield code="i">Bekanntschaft</subfield>
      <subfield code="e">Bekanntschaft</subfield>
      <subfield code="9">v:VD-16 Mitverf.</subfield>
    </datafield>
    <datafield tag="500" ind1="0" ind2=" ">
      <subfield code="a">Ferdinand I.</subfield>
      <subfield code="c">König von Böhmen</subfield>
      <subfield code="4">beza</subfield>
      <subfield code="4">https://d-nb.info/standards/elementset/gnd#acquaintanceshipOrFriendship</subfield>
      <subfield code="w">r</subfield>
      <subfield code="i">Bekanntschaft</subfield>
      <subfield code="e">Bekanntschaft</subfield>
      <subfield code="9">v:VD-16 Mitverf.</subfield>
    </datafield>
    <datafield tag="500" ind1="1" ind2=" ">
      <subfield code="a">Puteus, Antonius</subfield>
      <subfield code="4">beza</subfield>
      <subfield code="4">https://d-nb.info/standards/elementset/gnd#acquaintanceshipOrFriendship</subfield>
      <subfield code="w">r</subfield>
      <subfield code="i">Bekanntschaft</subfield>
      <subfield code="e">Bekanntschaft</subfield>
      <subfield code="9">v:VD-16 Mitverf.</subfield>
    </datafield>
    <datafield tag="500" ind1="1" ind2=" ">
      <subfield code="0">(DE-101)119483858</subfield>
      <subfield code="0">(DE-588)119483858</subfield>
      <subfield code="0">https://d-nb.info/gnd/119483858</subfield>
      <subfield code="a">Osório, Jerónimo</subfield>
      <subfield code="d">1506-1580</subfield>
      <subfield code="4">beza</subfield>
      <subfield code="4">https://d-nb.info/standards/elementset/gnd#acquaintanceshipOrFriendship</subfield>
      <subfield code="w">r</subfield>
      <subfield code="i">Bekanntschaft</subfield>
      <subfield code="e">Bekanntschaft</subfield>
      <subfield code="9">v:VD-16 Mitverf.</subfield>
    </datafield>
    <datafield tag="500" ind1="1" ind2=" ">
      <subfield code="a">Torres, Francisco</subfield>
      <subfield code="4">beza</subfield>
      <subfield code="4">https://d-nb.info/standards/elementset/gnd#acquaintanceshipOrFriendship</subfield>
      <subfield code="w">r</subfield>
      <subfield code="i">Bekanntschaft</subfield>
      <subfield code="e">Bekanntschaft</subfield>
      <subfield code="9">v:VD-16 Mitverf.</subfield>
    </datafield>
    <datafield tag="500" ind1="1" ind2=" ">
      <subfield code="0">(DE-101)119690586</subfield>
      <subfield code="0">(DE-588)119690586</subfield>
      <subfield code="0">https://d-nb.info/gnd/119690586</subfield>
      <subfield code="a">Grathusius, Hildebrand</subfield>
      <subfield code="4">beza</subfield>
      <subfield code="4">https://d-nb.info/standards/elementset/gnd#acquaintanceshipOrFriendship</subfield>
      <subfield code="w">r</subfield>
      <subfield code="i">Bekanntschaft</subfield>
      <subfield code="e">Bekanntschaft</subfield>
      <subfield code="9">v:VD-16 Mitverf.</subfield>
    </datafield>
    <datafield tag="500" ind1="0" ind2=" ">
      <subfield code="a">Pius IV.</subfield>
      <subfield code="c">Papst</subfield>
      <subfield code="4">beza</subfield>
      <subfield code="4">https://d-nb.info/standards/elementset/gnd#acquaintanceshipOrFriendship</subfield>
      <subfield code="w">r</subfield>
      <subfield code="i">Bekanntschaft</subfield>
      <subfield code="e">Bekanntschaft</subfield>
      <subfield code="9">v:Papst; VD-16 Mitverf.</subfield>
    </datafield>
    <datafield tag="548" ind1=" " ind2=" ">
      <subfield code="a">1528-1579</subfield>
      <subfield code="4">datl</subfield>
      <subfield code="4">https://d-nb.info/standards/elementset/gnd#dateOfBirthAndDeath</subfield>
      <subfield code="w">r</subfield>
      <subfield code="i">Lebensdaten</subfield>
    </datafield>
    <datafield tag="548" ind1=" " ind2=" ">
      <subfield code="a">29.02.1528-24.10.1579</subfield>
      <subfield code="4">datx</subfield>
      <subfield code="4">https://d-nb.info/standards/elementset/gnd#dateOfBirthAndDeath</subfield>
      <subfield code="w">r</subfield>
      <subfield code="i">Exakte Lebensdaten</subfield>
    </datafield>
    <datafield tag="550" ind1=" " ind2=" ">
      <subfield code="0">(DE-101)041596765</subfield>
      <subfield code="0">(DE-588)4159676-6</subfield>
      <subfield code="0">https://d-nb.info/gnd/4159676-6</subfield>
      <subfield code="a">Herzog</subfield>
      <subfield code="4">adel</subfield>
      <subfield code="4">https://d-nb.info/standards/elementset/gnd#titleOfNobility</subfield>
      <subfield code="w">r</subfield>
      <subfield code="i">Adelstitel</subfield>
    </datafield>
    <datafield tag="550" ind1=" " ind2=" ">
      <subfield code="0">(DE-101)041660420</subfield>
      <subfield code="0">(DE-588)4166042-0</subfield>
      <subfield code="0">https://d-nb.info/gnd/4166042-0</subfield>
      <subfield code="a">Kunstsammler</subfield>
      <subfield code="4">beru</subfield>
      <subfield code="4">https://d-nb.info/standards/elementset/gnd#professionOrOccupation</subfield>
      <subfield code="w">r</subfield>
      <subfield code="i">Beruf</subfield>
    </datafield>
    <datafield tag="551" ind1=" " ind2=" ">
      <subfield code="0">(DE-101)041277937</subfield>
      <subfield code="0">(DE-588)4127793-4</subfield>
      <subfield code="0">https://d-nb.info/gnd/4127793-4</subfield>
      <subfield code="a">München</subfield>
      <subfield code="4">ortg</subfield>
      <subfield code="4">https://d-nb.info/standards/elementset/gnd#placeOfBirth</subfield>
      <subfield code="w">r</subfield>
      <subfield code="i">Geburtsort</subfield>
    </datafield>
    <datafield tag="551" ind1=" " ind2=" ">
      <subfield code="0">(DE-101)041277937</subfield>
      <subfield code="0">(DE-588)4127793-4</subfield>
      <subfield code="0">https://d-nb.info/gnd/4127793-4</subfield>
      <subfield code="a">München</subfield>
      <subfield code="4">orts</subfield>
      <subfield code="4">https://d-nb.info/standards/elementset/gnd#placeOfDeath</subfield>
      <subfield code="w">r</subfield>
      <subfield code="i">Sterbeort</subfield>
    </datafield>
    <datafield tag="667" ind1=" " ind2=" ">
      <subfield code="a">12</subfield>
    </datafield>
    <datafield tag="667" ind1=" " ind2=" ">
      <subfield code="a">384</subfield>
    </datafield>
    <datafield tag="667" ind1=" " ind2=" ">
      <subfield code="a">VD-17</subfield>
    </datafield>
    <datafield tag="667" ind1=" " ind2=" ">
      <subfield code="a">VD-16</subfield>
    </datafield>
    <datafield tag="670" ind1=" " ind2=" ">
      <subfield code="a">B 1986</subfield>
    </datafield>
    <datafield tag="670" ind1=" " ind2=" ">
      <subfield code="a">LCAuth</subfield>
    </datafield>
    <datafield tag="670" ind1=" " ind2=" ">
      <subfield code="a">NDB/ADB</subfield>
      <subfield code="u">https://www.deutsche-biographie.de/gnd118647571.html#ndbcontent</subfield>
    </datafield>
    <datafield tag="670" ind1=" " ind2=" ">
      <subfield code="a">Wikipedia</subfield>
      <subfield code="u">https://de.wikipedia.org/wiki/Albrecht_V._(Bayern)</subfield>
    </datafield>
    <datafield tag="672" ind1=" " ind2="0">
      <subfield code="a">Der 60. Brieff</subfield>
      <subfield code="f">1557</subfield>
    </datafield>
    <datafield tag="672" ind1=" " ind2="0">
      <subfield code="a">Ritus Communionis Catholicus</subfield>
      <subfield code="f">1556</subfield>
    </datafield>
    <datafield tag="672" ind1=" " ind2="0">
      <subfield code="a">Bairische Lanndtsordnung</subfield>
      <subfield code="f">1553</subfield>
    </datafield>
    <datafield tag="672" ind1=" " ind2="0">
      <subfield code="a">Erclärung der Landsfreihait in Obern- unnd Nidern-Bairn, widerumb verneut im fünfftzehenh*</subfield>
      <subfield code="f">1553</subfield>
    </datafield>
    <datafield tag="672" ind1=" " ind2="0">
      <subfield code="a">Epistola ad Pium IV. P. de S. calicis concessione</subfield>
      <subfield code="f">1610</subfield>
    </datafield>
    <datafield tag="672" ind1=" " ind2="0">
      <subfield code="a">(K)hunt und zuwissen sey meniglich. Nachdem weylennd ... Herr Wilhelm ... zu ablaynung de*</subfield>
      <subfield code="f">1550</subfield>
    </datafield>
    <datafield tag="672" ind1=" " ind2="0">
      <subfield code="a">Von gottes genaden Wir Albrecht Pfallnntzgrave bey Rein, Hertzog in Obern und Nidern Bair*</subfield>
      <subfield code="f">1551</subfield>
    </datafield>
    <datafield tag="672" ind1=" " ind2="0">
      <subfield code="a">Von gottes genaden Albrecht Pfallnntzgrave bey Rhein, Hertzog in Obern unnd Nidern Bairn *</subfield>
      <subfield code="f">1552</subfield>
    </datafield>
    <datafield tag="672" ind1=" " ind2="0">
      <subfield code="a">Hosius, Stanisław: D. STANISLAI HOSII,S.R.E.CARDINALIS, MAIORIS POENITENTIARII, ET EPISCOPI ... 1584. (VD16 H 5136)</subfield>
    </datafield>
    <datafield tag="672" ind1=" " ind2="0">
      <subfield code="a">Lauther, Georg: Drey Christliche Predigen. Von Deme wie die seligkait anderstwo nit als inn der ... 1571. (VD16 L 804)</subfield>
    </datafield>
    <datafield tag="672" ind1=" " ind2="0">
      <subfield code="a">RITVS COMmunionis Catholicus.(Catholische vnd Christliche ordnung der ... 1556. (VD16 R 2583)</subfield>
    </datafield>
    <datafield tag="678" ind1=" " ind2=" ">
      <subfield code="b">Herzog von ganz Bayern ab 1550</subfield>
    </datafield>
    <datafield tag="913" ind1=" " ind2=" ">
      <subfield code="S">pnd</subfield>
      <subfield code="i">5</subfield>
      <subfield code="a">Albrecht &lt;Bayern, Herzog, V.&gt;</subfield>
      <subfield code="0">(DE-588a)118647571</subfield>
    </datafield>
    <datafield tag="913" ind1=" " ind2=" ">
      <subfield code="S">pnd</subfield>
      <subfield code="i">5</subfield>
      <subfield code="a">Albrecht &lt;Bayern, Herzog, V.&gt;</subfield>
      <subfield code="0">(DE-588a)174678819</subfield>
    </datafield>
    <datafield tag="913" ind1=" " ind2=" ">
      <subfield code="S">pnd</subfield>
      <subfield code="i">5</subfield>
      <subfield code="a">ALBERT &lt;BAYERN, HERZOG &amp;nsb;V.&amp;nse; 5&gt;</subfield>
      <subfield code="0">(DE-588a)18774260X</subfield>
    </datafield>
  </record>
